<record><leader>00000cas a22000007a 4500</leader><controlfield tag="001">27722784</controlfield><controlfield tag="008">930312d18511853nyuwr ne      0    0fre d</controlfield><datafield ind1=" " ind2=" " tag="010"><subfield code="a">sn 93058765 </subfield></datafield><datafield ind1=" " ind2=" " tag="040"><subfield code="a">MGN</subfield><subfield code="b">eng</subfield><subfield code="c">MGN</subfield><subfield code="d">OCL</subfield><subfield code="d">OCLCQ</subfield><subfield code="d">OCLCF</subfield><subfield code="d">OCLCO</subfield><subfield code="d">OCL</subfield></datafield><datafield ind1=" " ind2=" " tag="042"><subfield code="a">msc</subfield></datafield><datafield ind1=" " ind2=" " tag="043"><subfield code="a">n-us-ny</subfield></datafield><datafield ind1="0" ind2="3" tag="245"><subfield code="a">Le Phare de New-York.</subfield></datafield><datafield ind1=" " ind2=" " tag="260"><subfield code="a">[New York, N.Y.] :</subfield><subfield code="b">E. Masseras</subfield></datafield><datafield ind1=" " ind2=" " tag="300"><subfield code="a">v.</subfield></datafield><datafield ind1=" " ind2=" " tag="310"><subfield code="a">Weekly</subfield></datafield><datafield ind1="1" ind2=" " tag="362"><subfield code="a">Ceased Mar. 12, 1853?</subfield></datafield><datafield ind1=" " ind2=" " tag="500"><subfield code="a">Separate prospectus issued 24 fe&#769;vr. 1851, with beginning date given as 2 or 9 mai 1851.</subfield></datafield><datafield ind1=" " ind2=" " tag="500"><subfield code="a">&quot;Journal franc&#806;ais hebdomadaire, e&#769;cho des ide&#769;es et des inte&#769;re&#770;ts des deux mondes.&quot;</subfield></datafield><datafield ind1=" " ind2=" " tag="546"><subfield code="a">In French.</subfield></datafield><datafield ind1=" " ind2=" " tag="588"><subfield code="a">Description based on: Vol. 1, no. 23 (11 oct. 1851).</subfield></datafield><datafield ind1=" " ind2="0" tag="650"><subfield code="a">French newspapers</subfield><subfield code="z">New York (State)</subfield></datafield><datafield ind1=" " ind2="7" tag="650"><subfield code="a">French newspapers.</subfield><subfield code="2">fast</subfield><subfield code="0">(OCoLC)fst00934758</subfield></datafield><datafield ind1=" " ind2="7" tag="651"><subfield code="a">New York (State)</subfield><subfield code="2">fast</subfield><subfield code="0">(OCoLC)fst01210280</subfield></datafield><datafield ind1=" " ind2=" " tag="752"><subfield code="a">United States</subfield><subfield code="b">New York</subfield><subfield code="c">New York</subfield><subfield code="d">New York.</subfield></datafield></record>